@inproceedings{datalogCoq,
  author       = {V{\'{e}}ronique Benzaken and
                  Evelyne Contejean and
                  Stefania Dumbrava},
  editor       = {Mauricio Ayala{-}Rinc{\'{o}}n and
                  C{\'{e}}sar A. Mu{\~{n}}oz},
  title        = {Certifying Standard and Stratified Datalog Inference Engines in SSReflect},
  booktitle    = {Interactive Theorem Proving - 8th International Conference, {ITP}
                  2017, Bras{\'{\i}}lia, Brazil, September 26-29, 2017, Proceedings},
  series       = {Lecture Notes in Computer Science},
  volume       = {10499},
  pages        = {171--188},
  publisher    = {Springer},
  year         = {2017},
  url          = {https://doi.org/10.1007/978-3-319-66107-0\_12},
  doi          = {10.1007/978-3-319-66107-0\_12},
  timestamp    = {Tue, 14 May 2019 10:00:37 +0200},
  biburl       = {https://dblp.org/rec/conf/itp/BenzakenCD17.bib},
  bibsource    = {dblp computer science bibliography, https://dblp.org}
}

@article{MartMont,
  author       = {Alberto Martelli and
                  Ugo Montanari},
  title        = {An Efficient Unification Algorithm},
  journal      = {{ACM} Trans. Program. Lang. Syst.},
  volume       = {4},
  number       = {2},
  pages        = {258--282},
  year         = {1982},
  url          = {https://doi.org/10.1145/357162.357169},
  doi          = {10.1145/357162.357169},
  timestamp    = {Wed, 14 Nov 2018 10:30:40 +0100},
  biburl       = {https://dblp.org/rec/journals/toplas/MartelliM82.bib},
  bibsource    = {dblp computer science bibliography, https://dblp.org}
}

@book{AlgorithmsBook,
  author       = {Thomas H. Cormen and
                  Charles E. Leiserson and
                  Ronald L. Rivest},
  title        = {Introduction to Algorithms},
  publisher    = {The {MIT} Press and McGraw-Hill Book Company},
  year         = {1989},
  isbn         = {0-262-03141-8},
  timestamp    = {Thu, 03 Jan 2002 11:51:25 +0100},
  biburl       = {https://dblp.org/rec/books/mg/CormenLR89.bib},
  bibsource    = {dblp computer science bibliography, https://dblp.org}
}

@book{alice,
  author       = {Serge Abiteboul and
                  Richard Hull and
                  Victor Vianu},
  title        = {Foundations of Databases},
  publisher    = {Addison-Wesley},
  year         = {1995},
  url          = {http://webdam.inria.fr/Alice/},
  isbn         = {0-201-53771-0},
  timestamp    = {Sat, 11 Nov 2017 21:53:30 +0100},
  biburl       = {https://dblp.org/rec/books/aw/AbiteboulHV95.bib},
  bibsource    = {dblp computer science bibliography, https://dblp.org}
}

@book{logic,
  title={A first journey through logic},
  author={Hils, Martin and Loeser, Fran{\c{c}}ois},
  volume={89},
  year={2019},
  publisher={American Mathematical Soc.}
}